
@misc{ReadCSVFile,
   url={https://www.youtube.com/watch?v=5nuUmlezrHs }
}

@misc{cloudno, url={ https://insights.sei.cmu.edu/sei\_blog/2018/03/12-risks-threats-vulnerabilities-in-moving-to-the-cloud.html }
}

@misc{S3documentation,
  url={https://aws.amazon.com/s3/ }
}

@misc{DynamoDBDoc,
  url={https://aws.amazon.com/dynamodb/ }
}

@misc{EC2Doc,
  url={https://aws.amazon.com/ec2/ }
}

@misc{LambdaDoc,
  url={https://aws.amazon.com/lambda/}
}

@misc{cloudadv,
  url={https://www.marutitech.com/5-reasons-why-cloud-can-transform-your-business/}
}

@misc{SecurityModel,
  url={https://smartermsp.com/wp-content/uploads/2017/05/Shared-Security-Model.jpg}
}

@misc{DataPrivacy,
  url={https://legal.thomsonreuters.com/en/insights/miscs/understanding-data-privacy-and-cloud-computing}
}

@misc{DataPrivacy2,
  url={https://www.privacyrights.org/blog/privacy-implications-cloud-computing}
}

@misc{AzureSQLDB,
  url={https://docs.microsoft.com/en-us/azure/sql-database/ }
}

@misc{cloudbenefits,
	url={https://www.salesforce.com/uk/blog/2015/11/why-move-to-the-cloud-10-benefits-of-cloud-computing.html }
}

@misc{googlestorage,
	url={https://cloud.google.com/shell/docs/ }
}

@misc{ROI ,
	url={ http://www.opengroup.org/cloud/cloud\_for\_business/p6.htm }
	}
